@article{merler2019,
  title={Automatic curation of sports highlights using multimodal excitement features},
  author={Merler, Michele and Mac Aodha, Oisin and Trzaski, Adam and Rebenack, Nils and Metze, Florian and Perona, Pietro and Belongie, Serge},
  journal={IEEE Transactions on Multimedia},
  volume={21},
  number={5},
  pages={1147--1160},
  year={2019},
  publisher={IEEE}
}

@article{khan2021,
  title={Soccer player performance analysis using computer vision},
  author={Khan, Adnan and Lazzerini, Beatrice and Calabrese, Giuseppe and Serafini, Luciano},
  journal={Applied Sciences},
  volume={11},
  number={9},
  pages={4064},
  year={2021},
  publisher={MDPI}
}

@article{thomas2017,
  title={Computer vision for sports: Current applications and research topics},
  author={Thomas, Graham and Gade, Rikke and Moeslund, Thomas B and Carr, Peter and Hilton, Adrian},
  journal={Computer Vision and Image Understanding},
  volume={159},
  pages={3--18},
  year={2017},
  publisher={Elsevier}
}

@inproceedings{prasetya2020,
  title={Smart goalkeeper prototype using computer vision},
  author={Prasetya, Dody Ari and Sucipto, Agung and Amalia, Farah},
  booktitle={2020 International Conference on Information Technology Systems and Innovation (ICITSI)},
  pages={389--394},
  year={2020},
  organization={IEEE}
}

@inproceedings{huang2018,
  title={Audio-based automatic event detection for sports video},
  author={Huang, Nan and Duan, Jianmin and Julius, A Agung},
  booktitle={2018 IEEE International Conference on Acoustics, Speech and Signal Processing (ICASSP)},
  pages={1976--1980},
  year={2018},
  organization={IEEE}
}

@inproceedings{karpathy2014,
  title={Large-scale video classification with convolutional neural networks},
  author={Karpathy, Andrej and Toderici, George and Shetty, Sanketh and Leung, Thomas and Sukthankar, Rahul and Fei-Fei, Li},
  booktitle={Proceedings of the IEEE conference on Computer Vision and Pattern Recognition},
  pages={1725--1732},
  year={2014}
}

@article{rein2016,
  title={Big data and tactical analysis in elite soccer: future challenges and opportunities for sports science},
  author={Rein, Robert and Memmert, Daniel},
  journal={SpringerPlus},
  volume={5},
  number={1},
  pages={1--13},
  year={2016},
  publisher={Springer}
}

@inproceedings{chen2019,
  title={Action recognition in 360Â° videos using visual attention},
  author={Chen, Jia and Bautembach, Dennis and Izquierdo, Ebroul},
  booktitle={2019 IEEE International Conference on Image Processing (ICIP)},
  pages={4548--4552},
  year={2019},
  organization={IEEE}
}

@inproceedings{tjondronegoro2011,
  title={Sports video summarization using highlights and play-breaks},
  author={Tjondronegoro, Dian and Chen, Yi-Ping Phoebe and Pham, Binh},
  booktitle={Proceedings of the 5th ACM SIGMM international workshop on Multimedia information retrieval},
  pages={201--208},
  year={2011}
}

@article{manafifard2017,
  title={A survey on player tracking in soccer videos},
  author={Manafifard, Mojtaba and Ebadi, Hamid and Moghaddam, Hamid Abrishami},
  journal={Computer Vision and Image Understanding},
  volume={159},
  pages={19--46},
  year={2017},
  publisher={Elsevier}
}

@misc{mediumVideoEditingPython,
  author       = {Jaime Pineda},
  title        = {Automate Video Editing with Python},
  year         = {2020},
  howpublished = {\url{https://medium.com/data-science/automate-video-editing-with-python-4e0c43edef36}},
  note         = {Accessed: 2025-06-18}
}

@software{labelimg2024,
  author       = {Tzutalin and contributors},
  title        = {LabelImg: A graphical image annotation tool and label object bounding boxes in images},
  url          = {https://github.com/HumanSignal/labelImg},
  version      = {1.8.7},
  year         = {2024},
  publisher    = {HumanSignal},
  note         = {Open source graphical image annotation tool for computer vision datasets}
}
